@online{droidmon,
	title = {{Droidmon - Dalvik Monitoring Framework for CuckooDroid}},
	howpublished = {\url{https://github.com/idanr1986/droidmon}},
	note = {Last Accessed: 8 Nov. 2018}
}

@online{genymotion,
	title = {{Genymotion Android Emulator}},
	howpublished = {\url{https://www.genymotion.com/}},
	note = {Last Accessed: 8 Nov. 2018}
}

@inproceedings{li2017droidbot,
	title={{DroidBot: a lightweight UI-guided test input generator for Android}},
	author={Li, Yuanchun and Yang, Ziyue and Guo, Yao and Chen, Xiangqun},
	booktitle={EEE/ACM 39th International Conference on Software Engineering Companion (ICSE-C)},
	pages={23--26},
	year={2017},
	organization={IEEE}
}

@inproceedings{le2018sandbox,
	title={{Towards Mining Comprehensive Android Sandboxes}},
	author={Le, Tien-Duy B. and Bao, Lingfeng and Lo, David and Gao, Debin and Li, Li},
	booktitle={The 23rd International Conference on Engineering of Complex Computer Systems (ICECCS)},
	year={2018}
}
